%YAML 1.1
%TAG !u! tag:unity3d.com,2011:
--- !u!1 &104298
GameObject:
  m_ObjectHideFlags: 1
  m_PrefabParentObject: {fileID: 0}
  m_PrefabInternal: {fileID: 100100000}
  serializedVersion: 4
  m_Component:
  - 4: {fileID: 429076}
  - 33: {fileID: 3388902}
  - 23: {fileID: 2374812}
  m_Layer: 11
  m_Name: Pieza_01_Collider
  m_TagString: Untagged
  m_Icon: {fileID: 0}
  m_NavMeshLayer: 0
  m_StaticEditorFlags: 0
  m_IsActive: 0
--- !u!1 &105030
GameObject:
  m_ObjectHideFlags: 0
  m_PrefabParentObject: {fileID: 0}
  m_PrefabInternal: {fileID: 100100000}
  serializedVersion: 4
  m_Component:
  - 4: {fileID: 480146}
  - 33: {fileID: 3363328}
  - 23: {fileID: 2351086}
  - 114: {fileID: 11493370}
  m_Layer: 0
  m_Name: ModeloSolucionado
  m_TagString: Untagged
  m_Icon: {fileID: 0}
  m_NavMeshLayer: 0
  m_StaticEditorFlags: 0
  m_IsActive: 1
--- !u!1 &106292
GameObject:
  m_ObjectHideFlags: 0
  m_PrefabParentObject: {fileID: 0}
  m_PrefabInternal: {fileID: 100100000}
  serializedVersion: 4
  m_Component:
  - 4: {fileID: 481684}
  - 114: {fileID: 11403854}
  m_Layer: 0
  m_Name: LandingController
  m_TagString: Untagged
  m_Icon: {fileID: 0}
  m_NavMeshLayer: 0
  m_StaticEditorFlags: 0
  m_IsActive: 1
--- !u!1 &110616
GameObject:
  m_ObjectHideFlags: 0
  m_PrefabParentObject: {fileID: 0}
  m_PrefabInternal: {fileID: 100100000}
  serializedVersion: 4
  m_Component:
  - 4: {fileID: 468032}
  m_Layer: 0
  m_Name: PlumaEstilografica
  m_TagString: Untagged
  m_Icon: {fileID: 0}
  m_NavMeshLayer: 0
  m_StaticEditorFlags: 0
  m_IsActive: 1
--- !u!1 &113432
GameObject:
  m_ObjectHideFlags: 1
  m_PrefabParentObject: {fileID: 0}
  m_PrefabInternal: {fileID: 100100000}
  serializedVersion: 4
  m_Component:
  - 4: {fileID: 471170}
  - 33: {fileID: 3337982}
  - 23: {fileID: 2399984}
  m_Layer: 11
  m_Name: Pieza_08_Collider
  m_TagString: Untagged
  m_Icon: {fileID: 0}
  m_NavMeshLayer: 0
  m_StaticEditorFlags: 0
  m_IsActive: 0
--- !u!1 &116144
GameObject:
  m_ObjectHideFlags: 1
  m_PrefabParentObject: {fileID: 0}
  m_PrefabInternal: {fileID: 100100000}
  serializedVersion: 4
  m_Component:
  - 4: {fileID: 480654}
  - 65: {fileID: 6580474}
  m_Layer: 10
  m_Name: PuzzleCollider (1)
  m_TagString: Untagged
  m_Icon: {fileID: 0}
  m_NavMeshLayer: 0
  m_StaticEditorFlags: 0
  m_IsActive: 1
--- !u!1 &122508
GameObject:
  m_ObjectHideFlags: 1
  m_PrefabParentObject: {fileID: 0}
  m_PrefabInternal: {fileID: 100100000}
  serializedVersion: 4
  m_Component:
  - 4: {fileID: 448012}
  - 33: {fileID: 3362816}
  - 23: {fileID: 2358208}
  m_Layer: 11
  m_Name: Pieza_05_Collider
  m_TagString: Untagged
  m_Icon: {fileID: 0}
  m_NavMeshLayer: 0
  m_StaticEditorFlags: 0
  m_IsActive: 0
--- !u!1 &122930
GameObject:
  m_ObjectHideFlags: 1
  m_PrefabParentObject: {fileID: 0}
  m_PrefabInternal: {fileID: 100100000}
  serializedVersion: 4
  m_Component:
  - 4: {fileID: 477640}
  - 65: {fileID: 6591904}
  m_Layer: 10
  m_Name: PuzzleCollider
  m_TagString: Untagged
  m_Icon: {fileID: 0}
  m_NavMeshLayer: 0
  m_StaticEditorFlags: 0
  m_IsActive: 1
--- !u!1 &124686
GameObject:
  m_ObjectHideFlags: 1
  m_PrefabParentObject: {fileID: 0}
  m_PrefabInternal: {fileID: 100100000}
  serializedVersion: 4
  m_Component:
  - 4: {fileID: 459516}
  - 33: {fileID: 3345014}
  - 23: {fileID: 2340724}
  - 64: {fileID: 6469756}
  - 54: {fileID: 5448160}
  m_Layer: 11
  m_Name: Pieza_08
  m_TagString: Untagged
  m_Icon: {fileID: 0}
  m_NavMeshLayer: 0
  m_StaticEditorFlags: 0
  m_IsActive: 1
--- !u!1 &125848
GameObject:
  m_ObjectHideFlags: 1
  m_PrefabParentObject: {fileID: 0}
  m_PrefabInternal: {fileID: 100100000}
  serializedVersion: 4
  m_Component:
  - 4: {fileID: 447610}
  - 33: {fileID: 3300702}
  - 23: {fileID: 2303736}
  - 64: {fileID: 6400476}
  - 54: {fileID: 5468354}
  m_Layer: 11
  m_Name: Pieza_01
  m_TagString: Untagged
  m_Icon: {fileID: 0}
  m_NavMeshLayer: 0
  m_StaticEditorFlags: 0
  m_IsActive: 1
--- !u!1 &127018
GameObject:
  m_ObjectHideFlags: 1
  m_PrefabParentObject: {fileID: 0}
  m_PrefabInternal: {fileID: 100100000}
  serializedVersion: 4
  m_Component:
  - 4: {fileID: 408322}
  - 114: {fileID: 11404096}
  m_Layer: 0
  m_Name: LandingSpot
  m_TagString: Untagged
  m_Icon: {fileID: 0}
  m_NavMeshLayer: 0
  m_StaticEditorFlags: 0
  m_IsActive: 1
--- !u!1 &128098
GameObject:
  m_ObjectHideFlags: 1
  m_PrefabParentObject: {fileID: 0}
  m_PrefabInternal: {fileID: 100100000}
  serializedVersion: 4
  m_Component:
  - 4: {fileID: 497990}
  - 108: {fileID: 10841938}
  m_Layer: 0
  m_Name: Luz_Sup
  m_TagString: Untagged
  m_Icon: {fileID: 0}
  m_NavMeshLayer: 0
  m_StaticEditorFlags: 0
  m_IsActive: 1
--- !u!1 &129296
GameObject:
  m_ObjectHideFlags: 1
  m_PrefabParentObject: {fileID: 0}
  m_PrefabInternal: {fileID: 100100000}
  serializedVersion: 4
  m_Component:
  - 4: {fileID: 403928}
  - 33: {fileID: 3390098}
  - 23: {fileID: 2322258}
  m_Layer: 11
  m_Name: Pieza_03_Collider
  m_TagString: Untagged
  m_Icon: {fileID: 0}
  m_NavMeshLayer: 0
  m_StaticEditorFlags: 0
  m_IsActive: 0
--- !u!1 &129558
GameObject:
  m_ObjectHideFlags: 0
  m_PrefabParentObject: {fileID: 0}
  m_PrefabInternal: {fileID: 100100000}
  serializedVersion: 4
  m_Component:
  - 4: {fileID: 427780}
  m_Layer: 0
  m_Name: Luces
  m_TagString: Untagged
  m_Icon: {fileID: 0}
  m_NavMeshLayer: 0
  m_StaticEditorFlags: 0
  m_IsActive: 1
--- !u!1 &135706
GameObject:
  m_ObjectHideFlags: 1
  m_PrefabParentObject: {fileID: 0}
  m_PrefabInternal: {fileID: 100100000}
  serializedVersion: 4
  m_Component:
  - 4: {fileID: 455774}
  - 114: {fileID: 11471216}
  m_Layer: 0
  m_Name: LandingSpot
  m_TagString: Untagged
  m_Icon: {fileID: 0}
  m_NavMeshLayer: 0
  m_StaticEditorFlags: 0
  m_IsActive: 1
--- !u!1 &137104
GameObject:
  m_ObjectHideFlags: 1
  m_PrefabParentObject: {fileID: 0}
  m_PrefabInternal: {fileID: 100100000}
  serializedVersion: 4
  m_Component:
  - 4: {fileID: 468716}
  - 114: {fileID: 11450344}
  m_Layer: 0
  m_Name: LandingSpot
  m_TagString: Untagged
  m_Icon: {fileID: 0}
  m_NavMeshLayer: 0
  m_StaticEditorFlags: 0
  m_IsActive: 1
--- !u!1 &140996
GameObject:
  m_ObjectHideFlags: 1
  m_PrefabParentObject: {fileID: 0}
  m_PrefabInternal: {fileID: 100100000}
  serializedVersion: 4
  m_Component:
  - 4: {fileID: 466416}
  - 33: {fileID: 3316990}
  - 23: {fileID: 2339162}
  - 135: {fileID: 13539528}
  - 114: {fileID: 11433132}
  m_Layer: 0
  m_Name: Solution
  m_TagString: Solution
  m_Icon: {fileID: 0}
  m_NavMeshLayer: 0
  m_StaticEditorFlags: 0
  m_IsActive: 1
--- !u!1 &141454
GameObject:
  m_ObjectHideFlags: 1
  m_PrefabParentObject: {fileID: 0}
  m_PrefabInternal: {fileID: 100100000}
  serializedVersion: 4
  m_Component:
  - 4: {fileID: 453236}
  - 33: {fileID: 3382490}
  - 23: {fileID: 2393818}
  m_Layer: 11
  m_Name: Pieza_04_Collider
  m_TagString: Untagged
  m_Icon: {fileID: 0}
  m_NavMeshLayer: 0
  m_StaticEditorFlags: 0
  m_IsActive: 0
--- !u!1 &142546
GameObject:
  m_ObjectHideFlags: 1
  m_PrefabParentObject: {fileID: 0}
  m_PrefabInternal: {fileID: 100100000}
  serializedVersion: 4
  m_Component:
  - 4: {fileID: 441960}
  - 33: {fileID: 3300172}
  - 23: {fileID: 2328330}
  m_Layer: 0
  m_Name: Relleno
  m_TagString: Untagged
  m_Icon: {fileID: 0}
  m_NavMeshLayer: 0
  m_StaticEditorFlags: 0
  m_IsActive: 1
--- !u!1 &144468
GameObject:
  m_ObjectHideFlags: 1
  m_PrefabParentObject: {fileID: 0}
  m_PrefabInternal: {fileID: 100100000}
  serializedVersion: 4
  m_Component:
  - 4: {fileID: 442048}
  - 33: {fileID: 3336998}
  - 23: {fileID: 2326536}
  m_Layer: 11
  m_Name: Pieza_10_Collider
  m_TagString: Untagged
  m_Icon: {fileID: 0}
  m_NavMeshLayer: 0
  m_StaticEditorFlags: 0
  m_IsActive: 0
--- !u!1 &144780
GameObject:
  m_ObjectHideFlags: 1
  m_PrefabParentObject: {fileID: 0}
  m_PrefabInternal: {fileID: 100100000}
  serializedVersion: 4
  m_Component:
  - 4: {fileID: 481042}
  - 33: {fileID: 3324234}
  - 23: {fileID: 2335128}
  - 64: {fileID: 6474762}
  - 54: {fileID: 5437512}
  m_Layer: 11
  m_Name: Pieza_04
  m_TagString: Untagged
  m_Icon: {fileID: 0}
  m_NavMeshLayer: 0
  m_StaticEditorFlags: 0
  m_IsActive: 1
--- !u!1 &146798
GameObject:
  m_ObjectHideFlags: 1
  m_PrefabParentObject: {fileID: 0}
  m_PrefabInternal: {fileID: 100100000}
  serializedVersion: 4
  m_Component:
  - 4: {fileID: 428634}
  - 33: {fileID: 3347372}
  - 23: {fileID: 2388284}
  - 64: {fileID: 6499754}
  - 54: {fileID: 5420584}
  m_Layer: 11
  m_Name: Pieza_07
  m_TagString: Untagged
  m_Icon: {fileID: 0}
  m_NavMeshLayer: 0
  m_StaticEditorFlags: 0
  m_IsActive: 1
--- !u!1 &148602
GameObject:
  m_ObjectHideFlags: 1
  m_PrefabParentObject: {fileID: 0}
  m_PrefabInternal: {fileID: 100100000}
  serializedVersion: 4
  m_Component:
  - 4: {fileID: 482216}
  - 33: {fileID: 3329496}
  - 23: {fileID: 2351504}
  - 64: {fileID: 6480102}
  - 54: {fileID: 5463366}
  m_Layer: 11
  m_Name: Pieza_06
  m_TagString: Untagged
  m_Icon: {fileID: 0}
  m_NavMeshLayer: 0
  m_StaticEditorFlags: 0
  m_IsActive: 1
--- !u!1 &149996
GameObject:
  m_ObjectHideFlags: 1
  m_PrefabParentObject: {fileID: 0}
  m_PrefabInternal: {fileID: 100100000}
  serializedVersion: 4
  m_Component:
  - 4: {fileID: 454238}
  - 108: {fileID: 10865360}
  m_Layer: 0
  m_Name: Luz_Inf
  m_TagString: Untagged
  m_Icon: {fileID: 0}
  m_NavMeshLayer: 0
  m_StaticEditorFlags: 0
  m_IsActive: 1
--- !u!1 &152626
GameObject:
  m_ObjectHideFlags: 1
  m_PrefabParentObject: {fileID: 0}
  m_PrefabInternal: {fileID: 100100000}
  serializedVersion: 4
  m_Component:
  - 4: {fileID: 451134}
  m_Layer: 0
  m_Name: Piezas
  m_TagString: Untagged
  m_Icon: {fileID: 0}
  m_NavMeshLayer: 0
  m_StaticEditorFlags: 0
  m_IsActive: 1
--- !u!1 &155652
GameObject:
  m_ObjectHideFlags: 1
  m_PrefabParentObject: {fileID: 0}
  m_PrefabInternal: {fileID: 100100000}
  serializedVersion: 4
  m_Component:
  - 4: {fileID: 426476}
  - 33: {fileID: 3322306}
  - 23: {fileID: 2323280}
  m_Layer: 0
  m_Name: Modelo
  m_TagString: Untagged
  m_Icon: {fileID: 0}
  m_NavMeshLayer: 0
  m_StaticEditorFlags: 0
  m_IsActive: 1
--- !u!1 &157612
GameObject:
  m_ObjectHideFlags: 1
  m_PrefabParentObject: {fileID: 0}
  m_PrefabInternal: {fileID: 100100000}
  serializedVersion: 4
  m_Component:
  - 4: {fileID: 427472}
  - 33: {fileID: 3339254}
  - 23: {fileID: 2373094}
  - 64: {fileID: 6497962}
  - 54: {fileID: 5465644}
  m_Layer: 11
  m_Name: Pieza_09
  m_TagString: Untagged
  m_Icon: {fileID: 0}
  m_NavMeshLayer: 0
  m_StaticEditorFlags: 0
  m_IsActive: 1
--- !u!1 &166392
GameObject:
  m_ObjectHideFlags: 1
  m_PrefabParentObject: {fileID: 0}
  m_PrefabInternal: {fileID: 100100000}
  serializedVersion: 4
  m_Component:
  - 4: {fileID: 419696}
  - 33: {fileID: 3335252}
  - 23: {fileID: 2304196}
  m_Layer: 0
  m_Name: Soportes
  m_TagString: Untagged
  m_Icon: {fileID: 0}
  m_NavMeshLayer: 0
  m_StaticEditorFlags: 0
  m_IsActive: 1
--- !u!1 &166916
GameObject:
  m_ObjectHideFlags: 1
  m_PrefabParentObject: {fileID: 0}
  m_PrefabInternal: {fileID: 100100000}
  serializedVersion: 4
  m_Component:
  - 4: {fileID: 419688}
  - 33: {fileID: 3359988}
  - 23: {fileID: 2380886}
  - 64: {fileID: 6419402}
  - 54: {fileID: 5479278}
  m_Layer: 11
  m_Name: Pieza_02
  m_TagString: Untagged
  m_Icon: {fileID: 0}
  m_NavMeshLayer: 0
  m_StaticEditorFlags: 0
  m_IsActive: 1
--- !u!1 &167090
GameObject:
  m_ObjectHideFlags: 1
  m_PrefabParentObject: {fileID: 0}
  m_PrefabInternal: {fileID: 100100000}
  serializedVersion: 4
  m_Component:
  - 4: {fileID: 494944}
  - 33: {fileID: 3323750}
  - 23: {fileID: 2391952}
  m_Layer: 11
  m_Name: Pieza_09_Collider
  m_TagString: Untagged
  m_Icon: {fileID: 0}
  m_NavMeshLayer: 0
  m_StaticEditorFlags: 0
  m_IsActive: 0
--- !u!1 &167488
GameObject:
  m_ObjectHideFlags: 1
  m_PrefabParentObject: {fileID: 0}
  m_PrefabInternal: {fileID: 100100000}
  serializedVersion: 4
  m_Component:
  - 4: {fileID: 401770}
  - 33: {fileID: 3366224}
  - 23: {fileID: 2389520}
  m_Layer: 0
  m_Name: PuntoOrbita
  m_TagString: Untagged
  m_Icon: {fileID: 0}
  m_NavMeshLayer: 0
  m_StaticEditorFlags: 0
  m_IsActive: 0
--- !u!1 &177354
GameObject:
  m_ObjectHideFlags: 0
  m_PrefabParentObject: {fileID: 0}
  m_PrefabInternal: {fileID: 100100000}
  serializedVersion: 4
  m_Component:
  - 4: {fileID: 488400}
  m_Layer: 0
  m_Name: PlumaEstilografica
  m_TagString: Untagged
  m_Icon: {fileID: 0}
  m_NavMeshLayer: 0
  m_StaticEditorFlags: 0
  m_IsActive: 1
--- !u!1 &183594
GameObject:
  m_ObjectHideFlags: 1
  m_PrefabParentObject: {fileID: 0}
  m_PrefabInternal: {fileID: 100100000}
  serializedVersion: 4
  m_Component:
  - 4: {fileID: 473650}
  - 33: {fileID: 3343408}
  - 23: {fileID: 2333822}
  - 64: {fileID: 6478320}
  - 54: {fileID: 5499622}
  m_Layer: 11
  m_Name: Pieza_05
  m_TagString: Untagged
  m_Icon: {fileID: 0}
  m_NavMeshLayer: 0
  m_StaticEditorFlags: 0
  m_IsActive: 1
--- !u!1 &183614
GameObject:
  m_ObjectHideFlags: 1
  m_PrefabParentObject: {fileID: 0}
  m_PrefabInternal: {fileID: 100100000}
  serializedVersion: 4
  m_Component:
  - 4: {fileID: 482210}
  - 33: {fileID: 3388476}
  - 23: {fileID: 2357674}
  - 64: {fileID: 6456148}
  - 54: {fileID: 5424524}
  m_Layer: 11
  m_Name: Pieza_10
  m_TagString: Untagged
  m_Icon: {fileID: 0}
  m_NavMeshLayer: 0
  m_StaticEditorFlags: 0
  m_IsActive: 1
--- !u!1 &185602
GameObject:
  m_ObjectHideFlags: 1
  m_PrefabParentObject: {fileID: 0}
  m_PrefabInternal: {fileID: 100100000}
  serializedVersion: 4
  m_Component:
  - 4: {fileID: 464642}
  m_Layer: 0
  m_Name: Puzzle
  m_TagString: Untagged
  m_Icon: {fileID: 0}
  m_NavMeshLayer: 0
  m_StaticEditorFlags: 0
  m_IsActive: 1
--- !u!1 &186020
GameObject:
  m_ObjectHideFlags: 0
  m_PrefabParentObject: {fileID: 0}
  m_PrefabInternal: {fileID: 100100000}
  serializedVersion: 4
  m_Component:
  - 4: {fileID: 452190}
  m_Layer: 0
  m_Name: PlumaEstilograficaVR
  m_TagString: Untagged
  m_Icon: {fileID: 0}
  m_NavMeshLayer: 0
  m_StaticEditorFlags: 0
  m_IsActive: 1
--- !u!1 &189732
GameObject:
  m_ObjectHideFlags: 1
  m_PrefabParentObject: {fileID: 0}
  m_PrefabInternal: {fileID: 100100000}
  serializedVersion: 4
  m_Component:
  - 4: {fileID: 403828}
  - 33: {fileID: 3343304}
  - 23: {fileID: 2358498}
  - 64: {fileID: 6438256}
  - 54: {fileID: 5467818}
  m_Layer: 11
  m_Name: Pieza_03
  m_TagString: Untagged
  m_Icon: {fileID: 0}
  m_NavMeshLayer: 0
  m_StaticEditorFlags: 0
  m_IsActive: 1
--- !u!1 &191896
GameObject:
  m_ObjectHideFlags: 1
  m_PrefabParentObject: {fileID: 0}
  m_PrefabInternal: {fileID: 100100000}
  serializedVersion: 4
  m_Component:
  - 4: {fileID: 468720}
  - 33: {fileID: 3313330}
  - 23: {fileID: 2358652}
  m_Layer: 0
  m_Name: SoportesVR
  m_TagString: Untagged
  m_Icon: {fileID: 0}
  m_NavMeshLayer: 0
  m_StaticEditorFlags: 0
  m_IsActive: 1
--- !u!1 &193432
GameObject:
  m_ObjectHideFlags: 1
  m_PrefabParentObject: {fileID: 0}
  m_PrefabInternal: {fileID: 100100000}
  serializedVersion: 4
  m_Component:
  - 4: {fileID: 401684}
  - 33: {fileID: 3315064}
  - 23: {fileID: 2375020}
  m_Layer: 11
  m_Name: Pieza_06_Collider
  m_TagString: Untagged
  m_Icon: {fileID: 0}
  m_NavMeshLayer: 0
  m_StaticEditorFlags: 0
  m_IsActive: 0
--- !u!4 &401684
Transform:
  m_ObjectHideFlags: 1
  m_PrefabParentObject: {fileID: 0}
  m_PrefabInternal: {fileID: 100100000}
  m_GameObject: {fileID: 193432}
  m_LocalRotation: {x: 0, y: 0, z: 0, w: 1}
  m_LocalPosition: {x: 0, y: 0, z: 0}
  m_LocalScale: {x: 1, y: 1, z: 1}
  m_Children: []
  m_Father: {fileID: 482216}
  m_RootOrder: 0
--- !u!4 &401770
Transform:
  m_ObjectHideFlags: 1
  m_PrefabParentObject: {fileID: 0}
  m_PrefabInternal: {fileID: 100100000}
  m_GameObject: {fileID: 167488}
  m_LocalRotation: {x: 0, y: 0, z: 0, w: 1}
  m_LocalPosition: {x: -0.0014567375, y: -0.051754978, z: 0.34203902}
  m_LocalScale: {x: 1, y: 1, z: 1}
  m_Children: []
  m_Father: {fileID: 464642}
  m_RootOrder: 2
--- !u!4 &403828
Transform:
  m_ObjectHideFlags: 1
  m_PrefabParentObject: {fileID: 0}
  m_PrefabInternal: {fileID: 100100000}
  m_GameObject: {fileID: 189732}
  m_LocalRotation: {x: 0, y: 0, z: 0, w: 1}
  m_LocalPosition: {x: -0.89166844, y: 0.1098756, z: 1.3772976}
  m_LocalScale: {x: 1, y: 1, z: 1}
  m_Children:
  - {fileID: 403928}
  m_Father: {fileID: 451134}
  m_RootOrder: 2
--- !u!4 &403928
Transform:
  m_ObjectHideFlags: 1
  m_PrefabParentObject: {fileID: 0}
  m_PrefabInternal: {fileID: 100100000}
  m_GameObject: {fileID: 129296}
  m_LocalRotation: {x: 0, y: 0, z: 0, w: 1}
  m_LocalPosition: {x: 0, y: 0, z: 0}
  m_LocalScale: {x: 1, y: 1, z: 1}
  m_Children: []
  m_Father: {fileID: 403828}
  m_RootOrder: 0
--- !u!4 &408322
Transform:
  m_ObjectHideFlags: 1
  m_PrefabParentObject: {fileID: 0}
  m_PrefabInternal: {fileID: 100100000}
  m_GameObject: {fileID: 127018}
  m_LocalRotation: {x: 0, y: 0, z: 0, w: 1}
  m_LocalPosition: {x: 0.599, y: 0.015, z: 1.264}
  m_LocalScale: {x: 1, y: 1, z: 1}
  m_Children: []
  m_Father: {fileID: 481684}
  m_RootOrder: 1
--- !u!4 &419688
Transform:
  m_ObjectHideFlags: 1
  m_PrefabParentObject: {fileID: 0}
  m_PrefabInternal: {fileID: 100100000}
  m_GameObject: {fileID: 166916}
  m_LocalRotation: {x: 0, y: 0, z: 0, w: 1}
  m_LocalPosition: {x: -0.11557361, y: -0.22302933, z: 0.36732775}
  m_LocalScale: {x: 1, y: 1, z: 1}
  m_Children: []
  m_Father: {fileID: 451134}
  m_RootOrder: 1
--- !u!4 &419696
Transform:
  m_ObjectHideFlags: 1
  m_PrefabParentObject: {fileID: 0}
  m_PrefabInternal: {fileID: 100100000}
  m_GameObject: {fileID: 166392}
  m_LocalRotation: {x: 0, y: 0, z: 0, w: 1}
  m_LocalPosition: {x: 0, y: 0, z: 0}
  m_LocalScale: {x: 1, y: 1, z: 1}
  m_Children: []
  m_Father: {fileID: 426476}
  m_RootOrder: 1
--- !u!4 &426476
Transform:
  m_ObjectHideFlags: 1
  m_PrefabParentObject: {fileID: 0}
  m_PrefabInternal: {fileID: 100100000}
  m_GameObject: {fileID: 155652}
  m_LocalRotation: {x: 0, y: 0, z: 0, w: 1}
  m_LocalPosition: {x: 0, y: 0, z: 0}
  m_LocalScale: {x: 1, y: 1, z: 1}
  m_Children:
  - {fileID: 441960}
  - {fileID: 419696}
  m_Father: {fileID: 464642}
  m_RootOrder: 0
--- !u!4 &427472
Transform:
  m_ObjectHideFlags: 1
  m_PrefabParentObject: {fileID: 0}
  m_PrefabInternal: {fileID: 100100000}
  m_GameObject: {fileID: 157612}
  m_LocalRotation: {x: 0, y: 0, z: 0, w: 1}
  m_LocalPosition: {x: 0.26355132, y: -0.65912926, z: 0.43907276}
  m_LocalScale: {x: 1, y: 1, z: 1}
  m_Children:
  - {fileID: 494944}
  m_Father: {fileID: 451134}
  m_RootOrder: 8
--- !u!4 &427780
Transform:
  m_ObjectHideFlags: 1
  m_PrefabParentObject: {fileID: 0}
  m_PrefabInternal: {fileID: 100100000}
  m_GameObject: {fileID: 129558}
  m_LocalRotation: {x: 0, y: 0, z: 0, w: 1}
  m_LocalPosition: {x: 0, y: 0, z: 0}
  m_LocalScale: {x: 1, y: 1, z: 1}
  m_Children:
  - {fileID: 497990}
  - {fileID: 454238}
  m_Father: {fileID: 488400}
  m_RootOrder: 3
--- !u!4 &428634
Transform:
  m_ObjectHideFlags: 1
  m_PrefabParentObject: {fileID: 0}
  m_PrefabInternal: {fileID: 100100000}
  m_GameObject: {fileID: 146798}
  m_LocalRotation: {x: 0, y: 0, z: 0, w: 1}
  m_LocalPosition: {x: 0.69854116, y: -0.16634434, z: 0.5194777}
  m_LocalScale: {x: 1, y: 1, z: 1}
  m_Children: []
  m_Father: {fileID: 451134}
  m_RootOrder: 6
--- !u!4 &429076
Transform:
  m_ObjectHideFlags: 1
  m_PrefabParentObject: {fileID: 0}
  m_PrefabInternal: {fileID: 100100000}
  m_GameObject: {fileID: 104298}
  m_LocalRotation: {x: 0, y: 0, z: 0, w: 1}
  m_LocalPosition: {x: 0, y: 0, z: 0}
  m_LocalScale: {x: 1, y: 1, z: 1}
  m_Children: []
  m_Father: {fileID: 447610}
  m_RootOrder: 0
--- !u!4 &441960
Transform:
  m_ObjectHideFlags: 1
  m_PrefabParentObject: {fileID: 0}
  m_PrefabInternal: {fileID: 100100000}
  m_GameObject: {fileID: 142546}
  m_LocalRotation: {x: 0, y: 0, z: 0, w: 1}
  m_LocalPosition: {x: 0, y: 0, z: 0}
  m_LocalScale: {x: 1, y: 1, z: 1}
  m_Children: []
  m_Father: {fileID: 426476}
  m_RootOrder: 0
--- !u!4 &442048
Transform:
  m_ObjectHideFlags: 1
  m_PrefabParentObject: {fileID: 0}
  m_PrefabInternal: {fileID: 100100000}
  m_GameObject: {fileID: 144468}
  m_LocalRotation: {x: 0, y: 0, z: 0, w: 1}
  m_LocalPosition: {x: 0, y: 0, z: 0}
  m_LocalScale: {x: 1, y: 1, z: 1}
  m_Children: []
  m_Father: {fileID: 482210}
  m_RootOrder: 0
--- !u!4 &447610
Transform:
  m_ObjectHideFlags: 1
  m_PrefabParentObject: {fileID: 0}
  m_PrefabInternal: {fileID: 100100000}
  m_GameObject: {fileID: 125848}
  m_LocalRotation: {x: 0, y: 0, z: 0, w: 1}
  m_LocalPosition: {x: -0.07116363, y: 0.26449558, z: 0.7409827}
  m_LocalScale: {x: 1, y: 1, z: 1}
  m_Children:
  - {fileID: 429076}
  m_Father: {fileID: 451134}
  m_RootOrder: 0
--- !u!4 &448012
Transform:
  m_ObjectHideFlags: 1
  m_PrefabParentObject: {fileID: 0}
  m_PrefabInternal: {fileID: 100100000}
  m_GameObject: {fileID: 122508}
  m_LocalRotation: {x: 0, y: 0, z: 0, w: 1}
  m_LocalPosition: {x: 0, y: 0, z: 0}
  m_LocalScale: {x: 1, y: 1, z: 1}
  m_Children: []
  m_Father: {fileID: 473650}
  m_RootOrder: 0
--- !u!4 &451134
Transform:
  m_ObjectHideFlags: 1
  m_PrefabParentObject: {fileID: 0}
  m_PrefabInternal: {fileID: 100100000}
  m_GameObject: {fileID: 152626}
  m_LocalRotation: {x: 0, y: 0, z: 0, w: 1}
  m_LocalPosition: {x: 0, y: 0, z: 0}
  m_LocalScale: {x: 1, y: 1, z: 1}
  m_Children:
  - {fileID: 447610}
  - {fileID: 419688}
  - {fileID: 403828}
  - {fileID: 481042}
  - {fileID: 473650}
  - {fileID: 482216}
  - {fileID: 428634}
  - {fileID: 459516}
  - {fileID: 427472}
  - {fileID: 482210}
  m_Father: {fileID: 464642}
  m_RootOrder: 1
--- !u!4 &452190
Transform:
  m_ObjectHideFlags: 1
  m_PrefabParentObject: {fileID: 0}
  m_PrefabInternal: {fileID: 100100000}
  m_GameObject: {fileID: 186020}
  m_LocalRotation: {x: -0.664463, y: -0.24184476, z: 0.24184477, w: 0.66446304}
  m_LocalPosition: {x: 0.22097431, y: 0.73891926, z: -0.051754992}
  m_LocalScale: {x: 1, y: 1, z: 1}
  m_Children:
  - {fileID: 468720}
  m_Father: {fileID: 488400}
  m_RootOrder: 2
--- !u!4 &453236
Transform:
  m_ObjectHideFlags: 1
  m_PrefabParentObject: {fileID: 0}
  m_PrefabInternal: {fileID: 100100000}
  m_GameObject: {fileID: 141454}
  m_LocalRotation: {x: 0, y: 0, z: 0, w: 1}
  m_LocalPosition: {x: 0, y: 0, z: 0}
  m_LocalScale: {x: 1, y: 1, z: 1}
  m_Children: []
  m_Father: {fileID: 481042}
  m_RootOrder: 0
--- !u!4 &454238
Transform:
  m_ObjectHideFlags: 1
  m_PrefabParentObject: {fileID: 0}
  m_PrefabInternal: {fileID: 100100000}
  m_GameObject: {fileID: 149996}
  m_LocalRotation: {x: 0, y: 0, z: 0, w: 1}
  m_LocalPosition: {x: -2.68, y: 1.511, z: 0.08}
  m_LocalScale: {x: 1, y: 1, z: 1}
  m_Children: []
  m_Father: {fileID: 427780}
  m_RootOrder: 1
--- !u!4 &455774
Transform:
  m_ObjectHideFlags: 1
  m_PrefabParentObject: {fileID: 0}
  m_PrefabInternal: {fileID: 100100000}
  m_GameObject: {fileID: 135706}
  m_LocalRotation: {x: 0, y: 0, z: 0, w: 1}
  m_LocalPosition: {x: -0.556, y: 2.317, z: -0.609}
  m_LocalScale: {x: 1, y: 1, z: 1}
  m_Children: []
  m_Father: {fileID: 481684}
  m_RootOrder: 2
--- !u!4 &459516
Transform:
  m_ObjectHideFlags: 1
  m_PrefabParentObject: {fileID: 0}
  m_PrefabInternal: {fileID: 100100000}
  m_GameObject: {fileID: 124686}
  m_LocalRotation: {x: 0, y: 0, z: 0, w: 1}
  m_LocalPosition: {x: 0.60740626, y: 0.16282558, z: 1.1220526}
  m_LocalScale: {x: 1, y: 1, z: 1}
  m_Children:
  - {fileID: 471170}
  m_Father: {fileID: 451134}
  m_RootOrder: 7
--- !u!4 &464642
Transform:
  m_ObjectHideFlags: 1
  m_PrefabParentObject: {fileID: 0}
  m_PrefabInternal: {fileID: 100100000}
  m_GameObject: {fileID: 185602}
  m_LocalRotation: {x: 0, y: 0, z: 0, w: 1}
  m_LocalPosition: {x: 0, y: 0, z: 0}
  m_LocalScale: {x: 1, y: 1, z: 1}
  m_Children:
  - {fileID: 426476}
  - {fileID: 451134}
  - {fileID: 401770}
  m_Father: {fileID: 468032}
  m_RootOrder: 0
--- !u!4 &466416
Transform:
  m_ObjectHideFlags: 1
  m_PrefabParentObject: {fileID: 0}
  m_PrefabInternal: {fileID: 100100000}
  m_GameObject: {fileID: 140996}
  m_LocalRotation: {x: 0, y: 0, z: 0, w: 1}
  m_LocalPosition: {x: -1.3494339, y: 0.06442838, z: 2.517868}
  m_LocalScale: {x: 1, y: 1, z: 1}
  m_Children: []
  m_Father: {fileID: 468032}
  m_RootOrder: 1
--- !u!4 &468032
Transform:
  m_ObjectHideFlags: 1
  m_PrefabParentObject: {fileID: 0}
  m_PrefabInternal: {fileID: 100100000}
  m_GameObject: {fileID: 110616}
  m_LocalRotation: {x: -0.7071068, y: 0, z: 0, w: 0.7071067}
  m_LocalPosition: {x: 0, y: 0, z: 0}
  m_LocalScale: {x: 1, y: 1, z: 1}
  m_Children:
  - {fileID: 464642}
  - {fileID: 466416}
  m_Father: {fileID: 488400}
  m_RootOrder: 1
--- !u!4 &468716
Transform:
  m_ObjectHideFlags: 1
  m_PrefabParentObject: {fileID: 0}
  m_PrefabInternal: {fileID: 100100000}
  m_GameObject: {fileID: 137104}
  m_LocalRotation: {x: 0, y: 0, z: 0, w: 1}
  m_LocalPosition: {x: -0.012, y: 0.015, z: -1.395}
  m_LocalScale: {x: 1, y: 1, z: 1}
  m_Children: []
  m_Father: {fileID: 481684}
  m_RootOrder: 0
--- !u!4 &468720
Transform:
  m_ObjectHideFlags: 1
  m_PrefabParentObject: {fileID: 0}
  m_PrefabInternal: {fileID: 100100000}
  m_GameObject: {fileID: 191896}
  m_LocalRotation: {x: 0, y: 0, z: 0, w: 1}
  m_LocalPosition: {x: 0, y: 0, z: 0}
  m_LocalScale: {x: 1, y: 1, z: 1}
  m_Children: []
  m_Father: {fileID: 452190}
  m_RootOrder: 0
--- !u!4 &471170
Transform:
  m_ObjectHideFlags: 1
  m_PrefabParentObject: {fileID: 0}
  m_PrefabInternal: {fileID: 100100000}
  m_GameObject: {fileID: 113432}
  m_LocalRotation: {x: 0, y: 0, z: 0, w: 1}
  m_LocalPosition: {x: 0, y: 0, z: 0}
  m_LocalScale: {x: 1, y: 1, z: 1}
  m_Children: []
  m_Father: {fileID: 459516}
  m_RootOrder: 0
--- !u!4 &473650
Transform:
  m_ObjectHideFlags: 1
  m_PrefabParentObject: {fileID: 0}
  m_PrefabInternal: {fileID: 100100000}
  m_GameObject: {fileID: 183594}
  m_LocalRotation: {x: 0, y: 0, z: 0, w: 1}
  m_LocalPosition: {x: -0.5850025, y: -0.70748454, z: 1.0720944}
  m_LocalScale: {x: 1, y: 1, z: 1}
  m_Children:
  - {fileID: 448012}
  m_Father: {fileID: 451134}
  m_RootOrder: 4
--- !u!4 &477640
Transform:
  m_ObjectHideFlags: 1
  m_PrefabParentObject: {fileID: 0}
  m_PrefabInternal: {fileID: 100100000}
  m_GameObject: {fileID: 122930}
  m_LocalRotation: {x: 0, y: 0, z: 0, w: 1}
  m_LocalPosition: {x: -0.204, y: 1.278, z: 0.194}
  m_LocalScale: {x: 1.842356, y: 0.94532615, z: 1.1730192}
  m_Children: []
  m_Father: {fileID: 481684}
  m_RootOrder: 3
--- !u!4 &480146
Transform:
  m_ObjectHideFlags: 1
  m_PrefabParentObject: {fileID: 0}
  m_PrefabInternal: {fileID: 100100000}
  m_GameObject: {fileID: 105030}
  m_LocalRotation: {x: -0.073593125, y: -0.099521406, z: -0.11974759, w: 0.9850584}
  m_LocalPosition: {x: -0.002, y: 0.755, z: 0.018}
  m_LocalScale: {x: 0.92, y: 0.92, z: 0.92}
  m_Children: []
  m_Father: {fileID: 488400}
  m_RootOrder: 0
--- !u!4 &480654
Transform:
  m_ObjectHideFlags: 1
  m_PrefabParentObject: {fileID: 0}
  m_PrefabInternal: {fileID: 100100000}
  m_GameObject: {fileID: 116144}
  m_LocalRotation: {x: 0, y: -0.31536487, z: 0, w: 0.94897056}
  m_LocalPosition: {x: -0.132, y: 1.981, z: -0.435}
  m_LocalScale: {x: 0.8757684, y: 0.539252, z: 0.66442543}
  m_Children: []
  m_Father: {fileID: 481684}
  m_RootOrder: 4
--- !u!4 &481042
Transform:
  m_ObjectHideFlags: 1
  m_PrefabParentObject: {fileID: 0}
  m_PrefabInternal: {fileID: 100100000}
  m_GameObject: {fileID: 144780}
  m_LocalRotation: {x: 0, y: 0, z: 0, w: 1}
  m_LocalPosition: {x: -0.60754853, y: 0.45516053, z: 0.86647767}
  m_LocalScale: {x: 1, y: 1, z: 1}
  m_Children:
  - {fileID: 453236}
  m_Father: {fileID: 451134}
  m_RootOrder: 3
--- !u!4 &481684
Transform:
  m_ObjectHideFlags: 1
  m_PrefabParentObject: {fileID: 0}
  m_PrefabInternal: {fileID: 100100000}
  m_GameObject: {fileID: 106292}
  m_LocalRotation: {x: 0, y: 0, z: 0, w: 1}
  m_LocalPosition: {x: 0, y: 0, z: 0}
  m_LocalScale: {x: 1, y: 1, z: 1}
  m_Children:
  - {fileID: 468716}
  - {fileID: 408322}
  - {fileID: 455774}
  - {fileID: 477640}
  - {fileID: 480654}
  m_Father: {fileID: 488400}
  m_RootOrder: 4
--- !u!4 &482210
Transform:
  m_ObjectHideFlags: 1
  m_PrefabParentObject: {fileID: 0}
  m_PrefabInternal: {fileID: 100100000}
  m_GameObject: {fileID: 183614}
  m_LocalRotation: {x: 0, y: 0, z: 0, w: 1}
  m_LocalPosition: {x: 0.43059132, y: 0.49209052, z: 1.5863575}
  m_LocalScale: {x: 1, y: 1, z: 1}
  m_Children:
  - {fileID: 442048}
  m_Father: {fileID: 451134}
  m_RootOrder: 9
--- !u!4 &482216
Transform:
  m_ObjectHideFlags: 1
  m_PrefabParentObject: {fileID: 0}
  m_PrefabInternal: {fileID: 100100000}
  m_GameObject: {fileID: 148602}
  m_LocalRotation: {x: 0, y: 0, z: 0, w: 1}
  m_LocalPosition: {x: 0.26457632, y: 0.57452554, z: 1.3766476}
  m_LocalScale: {x: 1, y: 1, z: 1}
  m_Children:
  - {fileID: 401684}
  m_Father: {fileID: 451134}
  m_RootOrder: 5
--- !u!4 &488400
Transform:
  m_ObjectHideFlags: 1
  m_PrefabParentObject: {fileID: 0}
  m_PrefabInternal: {fileID: 100100000}
  m_GameObject: {fileID: 177354}
  m_LocalRotation: {x: 0, y: 0, z: 0, w: 1}
  m_LocalPosition: {x: 0, y: 0, z: 0}
  m_LocalScale: {x: 1, y: 1, z: 1}
  m_Children:
  - {fileID: 480146}
  - {fileID: 468032}
  - {fileID: 452190}
  - {fileID: 427780}
  - {fileID: 481684}
  m_Father: {fileID: 0}
  m_RootOrder: 0
--- !u!4 &494944
Transform:
  m_ObjectHideFlags: 1
  m_PrefabParentObject: {fileID: 0}
  m_PrefabInternal: {fileID: 100100000}
  m_GameObject: {fileID: 167090}
  m_LocalRotation: {x: 0, y: 0, z: 0, w: 1}
  m_LocalPosition: {x: 0, y: 0, z: 0}
  m_LocalScale: {x: 1, y: 1, z: 1}
  m_Children: []
  m_Father: {fileID: 427472}
  m_RootOrder: 0
--- !u!4 &497990
Transform:
  m_ObjectHideFlags: 1
  m_PrefabParentObject: {fileID: 0}
  m_PrefabInternal: {fileID: 100100000}
  m_GameObject: {fileID: 128098}
  m_LocalRotation: {x: 0, y: 0, z: 0, w: 1}
  m_LocalPosition: {x: -0.85116434, y: 4.2, z: 0.32855034}
  m_LocalScale: {x: 1, y: 1, z: 1}
  m_Children: []
  m_Father: {fileID: 427780}
  m_RootOrder: 0
--- !u!23 &2303736
MeshRenderer:
  m_ObjectHideFlags: 1
  m_PrefabParentObject: {fileID: 0}
  m_PrefabInternal: {fileID: 100100000}
  m_GameObject: {fileID: 125848}
  m_Enabled: 1
  m_CastShadows: 1
  m_ReceiveShadows: 1
  m_Materials:
  - {fileID: 2100000, guid: 6feaef1e58e5f18419665edf57e6c98b, type: 2}
  m_SubsetIndices: 
  m_StaticBatchRoot: {fileID: 0}
  m_UseLightProbes: 1
  m_ReflectionProbeUsage: 1
  m_ProbeAnchor: {fileID: 0}
  m_ScaleInLightmap: 1
  m_PreserveUVs: 0
  m_IgnoreNormalsForChartDetection: 0
  m_ImportantGI: 0
  m_MinimumChartSize: 4
  m_AutoUVMaxDistance: 0.5
  m_AutoUVMaxAngle: 89
  m_LightmapParameters: {fileID: 0}
  m_SortingLayerID: 0
  m_SortingOrder: 0
--- !u!23 &2304196
MeshRenderer:
  m_ObjectHideFlags: 1
  m_PrefabParentObject: {fileID: 0}
  m_PrefabInternal: {fileID: 100100000}
  m_GameObject: {fileID: 166392}
  m_Enabled: 1
  m_CastShadows: 1
  m_ReceiveShadows: 1
  m_Materials:
  - {fileID: 2100000, guid: af6239b47df0c7e4aaf3ac5741c97fea, type: 2}
  m_SubsetIndices: 
  m_StaticBatchRoot: {fileID: 0}
  m_UseLightProbes: 1
  m_ReflectionProbeUsage: 1
  m_ProbeAnchor: {fileID: 0}
  m_ScaleInLightmap: 1
  m_PreserveUVs: 0
  m_IgnoreNormalsForChartDetection: 0
  m_ImportantGI: 0
  m_MinimumChartSize: 4
  m_AutoUVMaxDistance: 0.5
  m_AutoUVMaxAngle: 89
  m_LightmapParameters: {fileID: 0}
  m_SortingLayerID: 0
  m_SortingOrder: 0
--- !u!23 &2322258
MeshRenderer:
  m_ObjectHideFlags: 1
  m_PrefabParentObject: {fileID: 0}
  m_PrefabInternal: {fileID: 100100000}
  m_GameObject: {fileID: 129296}
  m_Enabled: 1
  m_CastShadows: 1
  m_ReceiveShadows: 1
  m_Materials:
  - {fileID: 10303, guid: 0000000000000000f000000000000000, type: 0}
  m_SubsetIndices: 
  m_StaticBatchRoot: {fileID: 0}
  m_UseLightProbes: 1
  m_ReflectionProbeUsage: 1
  m_ProbeAnchor: {fileID: 0}
  m_ScaleInLightmap: 1
  m_PreserveUVs: 0
  m_IgnoreNormalsForChartDetection: 0
  m_ImportantGI: 0
  m_MinimumChartSize: 4
  m_AutoUVMaxDistance: 0.5
  m_AutoUVMaxAngle: 89
  m_LightmapParameters: {fileID: 0}
  m_SortingLayerID: 0
  m_SortingOrder: 0
--- !u!23 &2323280
MeshRenderer:
  m_ObjectHideFlags: 1
  m_PrefabParentObject: {fileID: 0}
  m_PrefabInternal: {fileID: 100100000}
  m_GameObject: {fileID: 155652}
  m_Enabled: 1
  m_CastShadows: 1
  m_ReceiveShadows: 1
  m_Materials:
  - {fileID: 2100000, guid: 6feaef1e58e5f18419665edf57e6c98b, type: 2}
  m_SubsetIndices: 
  m_StaticBatchRoot: {fileID: 0}
  m_UseLightProbes: 1
  m_ReflectionProbeUsage: 1
  m_ProbeAnchor: {fileID: 0}
  m_ScaleInLightmap: 1
  m_PreserveUVs: 0
  m_IgnoreNormalsForChartDetection: 0
  m_ImportantGI: 0
  m_MinimumChartSize: 4
  m_AutoUVMaxDistance: 0.5
  m_AutoUVMaxAngle: 89
  m_LightmapParameters: {fileID: 0}
  m_SortingLayerID: 0
  m_SortingOrder: 0
--- !u!23 &2326536
MeshRenderer:
  m_ObjectHideFlags: 1
  m_PrefabParentObject: {fileID: 0}
  m_PrefabInternal: {fileID: 100100000}
  m_GameObject: {fileID: 144468}
  m_Enabled: 1
  m_CastShadows: 1
  m_ReceiveShadows: 1
  m_Materials:
  - {fileID: 10303, guid: 0000000000000000f000000000000000, type: 0}
  m_SubsetIndices: 
  m_StaticBatchRoot: {fileID: 0}
  m_UseLightProbes: 1
  m_ReflectionProbeUsage: 1
  m_ProbeAnchor: {fileID: 0}
  m_ScaleInLightmap: 1
  m_PreserveUVs: 0
  m_IgnoreNormalsForChartDetection: 0
  m_ImportantGI: 0
  m_MinimumChartSize: 4
  m_AutoUVMaxDistance: 0.5
  m_AutoUVMaxAngle: 89
  m_LightmapParameters: {fileID: 0}
  m_SortingLayerID: 0
  m_SortingOrder: 0
--- !u!23 &2328330
MeshRenderer:
  m_ObjectHideFlags: 1
  m_PrefabParentObject: {fileID: 0}
  m_PrefabInternal: {fileID: 100100000}
  m_GameObject: {fileID: 142546}
  m_Enabled: 1
  m_CastShadows: 1
  m_ReceiveShadows: 1
  m_Materials:
  - {fileID: 2100000, guid: 6feaef1e58e5f18419665edf57e6c98b, type: 2}
  m_SubsetIndices: 
  m_StaticBatchRoot: {fileID: 0}
  m_UseLightProbes: 1
  m_ReflectionProbeUsage: 1
  m_ProbeAnchor: {fileID: 0}
  m_ScaleInLightmap: 1
  m_PreserveUVs: 0
  m_IgnoreNormalsForChartDetection: 0
  m_ImportantGI: 0
  m_MinimumChartSize: 4
  m_AutoUVMaxDistance: 0.5
  m_AutoUVMaxAngle: 89
  m_LightmapParameters: {fileID: 0}
  m_SortingLayerID: 0
  m_SortingOrder: 0
--- !u!23 &2333822
MeshRenderer:
  m_ObjectHideFlags: 1
  m_PrefabParentObject: {fileID: 0}
  m_PrefabInternal: {fileID: 100100000}
  m_GameObject: {fileID: 183594}
  m_Enabled: 1
  m_CastShadows: 1
  m_ReceiveShadows: 1
  m_Materials:
  - {fileID: 2100000, guid: 6feaef1e58e5f18419665edf57e6c98b, type: 2}
  m_SubsetIndices: 
  m_StaticBatchRoot: {fileID: 0}
  m_UseLightProbes: 1
  m_ReflectionProbeUsage: 1
  m_ProbeAnchor: {fileID: 0}
  m_ScaleInLightmap: 1
  m_PreserveUVs: 0
  m_IgnoreNormalsForChartDetection: 0
  m_ImportantGI: 0
  m_MinimumChartSize: 4
  m_AutoUVMaxDistance: 0.5
  m_AutoUVMaxAngle: 89
  m_LightmapParameters: {fileID: 0}
  m_SortingLayerID: 0
  m_SortingOrder: 0
--- !u!23 &2335128
MeshRenderer:
  m_ObjectHideFlags: 1
  m_PrefabParentObject: {fileID: 0}
  m_PrefabInternal: {fileID: 100100000}
  m_GameObject: {fileID: 144780}
  m_Enabled: 1
  m_CastShadows: 1
  m_ReceiveShadows: 1
  m_Materials:
  - {fileID: 2100000, guid: 6feaef1e58e5f18419665edf57e6c98b, type: 2}
  m_SubsetIndices: 
  m_StaticBatchRoot: {fileID: 0}
  m_UseLightProbes: 1
  m_ReflectionProbeUsage: 1
  m_ProbeAnchor: {fileID: 0}
  m_ScaleInLightmap: 1
  m_PreserveUVs: 0
  m_IgnoreNormalsForChartDetection: 0
  m_ImportantGI: 0
  m_MinimumChartSize: 4
  m_AutoUVMaxDistance: 0.5
  m_AutoUVMaxAngle: 89
  m_LightmapParameters: {fileID: 0}
  m_SortingLayerID: 0
  m_SortingOrder: 0
--- !u!23 &2339162
MeshRenderer:
  m_ObjectHideFlags: 1
  m_PrefabParentObject: {fileID: 0}
  m_PrefabInternal: {fileID: 100100000}
  m_GameObject: {fileID: 140996}
  m_Enabled: 1
  m_CastShadows: 1
  m_ReceiveShadows: 1
  m_Materials:
  - {fileID: 10303, guid: 0000000000000000f000000000000000, type: 0}
  m_SubsetIndices: 
  m_StaticBatchRoot: {fileID: 0}
  m_UseLightProbes: 1
  m_ReflectionProbeUsage: 1
  m_ProbeAnchor: {fileID: 0}
  m_ScaleInLightmap: 1
  m_PreserveUVs: 0
  m_IgnoreNormalsForChartDetection: 0
  m_ImportantGI: 0
  m_MinimumChartSize: 4
  m_AutoUVMaxDistance: 0.5
  m_AutoUVMaxAngle: 89
  m_LightmapParameters: {fileID: 0}
  m_SortingLayerID: 0
  m_SortingOrder: 0
--- !u!23 &2340724
MeshRenderer:
  m_ObjectHideFlags: 1
  m_PrefabParentObject: {fileID: 0}
  m_PrefabInternal: {fileID: 100100000}
  m_GameObject: {fileID: 124686}
  m_Enabled: 1
  m_CastShadows: 1
  m_ReceiveShadows: 1
  m_Materials:
  - {fileID: 2100000, guid: 6feaef1e58e5f18419665edf57e6c98b, type: 2}
  m_SubsetIndices: 
  m_StaticBatchRoot: {fileID: 0}
  m_UseLightProbes: 1
  m_ReflectionProbeUsage: 1
  m_ProbeAnchor: {fileID: 0}
  m_ScaleInLightmap: 1
  m_PreserveUVs: 0
  m_IgnoreNormalsForChartDetection: 0
  m_ImportantGI: 0
  m_MinimumChartSize: 4
  m_AutoUVMaxDistance: 0.5
  m_AutoUVMaxAngle: 89
  m_LightmapParameters: {fileID: 0}
  m_SortingLayerID: 0
  m_SortingOrder: 0
--- !u!23 &2351086
MeshRenderer:
  m_ObjectHideFlags: 1
  m_PrefabParentObject: {fileID: 0}
  m_PrefabInternal: {fileID: 100100000}
  m_GameObject: {fileID: 105030}
  m_Enabled: 1
  m_CastShadows: 1
  m_ReceiveShadows: 1
  m_Materials:
  - {fileID: 2100000, guid: 489d7c406488735499e5bb3ae3b6ac75, type: 2}
  m_SubsetIndices: 
  m_StaticBatchRoot: {fileID: 0}
  m_UseLightProbes: 1
  m_ReflectionProbeUsage: 1
  m_ProbeAnchor: {fileID: 0}
  m_ScaleInLightmap: 1
  m_PreserveUVs: 0
  m_IgnoreNormalsForChartDetection: 0
  m_ImportantGI: 0
  m_MinimumChartSize: 4
  m_AutoUVMaxDistance: 0.5
  m_AutoUVMaxAngle: 89
  m_LightmapParameters: {fileID: 0}
  m_SortingLayerID: 0
  m_SortingOrder: 0
--- !u!23 &2351504
MeshRenderer:
  m_ObjectHideFlags: 1
  m_PrefabParentObject: {fileID: 0}
  m_PrefabInternal: {fileID: 100100000}
  m_GameObject: {fileID: 148602}
  m_Enabled: 1
  m_CastShadows: 1
  m_ReceiveShadows: 1
  m_Materials:
  - {fileID: 2100000, guid: 6feaef1e58e5f18419665edf57e6c98b, type: 2}
  m_SubsetIndices: 
  m_StaticBatchRoot: {fileID: 0}
  m_UseLightProbes: 1
  m_ReflectionProbeUsage: 1
  m_ProbeAnchor: {fileID: 0}
  m_ScaleInLightmap: 1
  m_PreserveUVs: 0
  m_IgnoreNormalsForChartDetection: 0
  m_ImportantGI: 0
  m_MinimumChartSize: 4
  m_AutoUVMaxDistance: 0.5
  m_AutoUVMaxAngle: 89
  m_LightmapParameters: {fileID: 0}
  m_SortingLayerID: 0
  m_SortingOrder: 0
--- !u!23 &2357674
MeshRenderer:
  m_ObjectHideFlags: 1
  m_PrefabParentObject: {fileID: 0}
  m_PrefabInternal: {fileID: 100100000}
  m_GameObject: {fileID: 183614}
  m_Enabled: 1
  m_CastShadows: 1
  m_ReceiveShadows: 1
  m_Materials:
  - {fileID: 2100000, guid: 6feaef1e58e5f18419665edf57e6c98b, type: 2}
  m_SubsetIndices: 
  m_StaticBatchRoot: {fileID: 0}
  m_UseLightProbes: 1
  m_ReflectionProbeUsage: 1
  m_ProbeAnchor: {fileID: 0}
  m_ScaleInLightmap: 1
  m_PreserveUVs: 0
  m_IgnoreNormalsForChartDetection: 0
  m_ImportantGI: 0
  m_MinimumChartSize: 4
  m_AutoUVMaxDistance: 0.5
  m_AutoUVMaxAngle: 89
  m_LightmapParameters: {fileID: 0}
  m_SortingLayerID: 0
  m_SortingOrder: 0
--- !u!23 &2358208
MeshRenderer:
  m_ObjectHideFlags: 1
  m_PrefabParentObject: {fileID: 0}
  m_PrefabInternal: {fileID: 100100000}
  m_GameObject: {fileID: 122508}
  m_Enabled: 1
  m_CastShadows: 1
  m_ReceiveShadows: 1
  m_Materials:
  - {fileID: 10303, guid: 0000000000000000f000000000000000, type: 0}
  m_SubsetIndices: 
  m_StaticBatchRoot: {fileID: 0}
  m_UseLightProbes: 1
  m_ReflectionProbeUsage: 1
  m_ProbeAnchor: {fileID: 0}
  m_ScaleInLightmap: 1
  m_PreserveUVs: 0
  m_IgnoreNormalsForChartDetection: 0
  m_ImportantGI: 0
  m_MinimumChartSize: 4
  m_AutoUVMaxDistance: 0.5
  m_AutoUVMaxAngle: 89
  m_LightmapParameters: {fileID: 0}
  m_SortingLayerID: 0
  m_SortingOrder: 0
--- !u!23 &2358498
MeshRenderer:
  m_ObjectHideFlags: 1
  m_PrefabParentObject: {fileID: 0}
  m_PrefabInternal: {fileID: 100100000}
  m_GameObject: {fileID: 189732}
  m_Enabled: 1
  m_CastShadows: 1
  m_ReceiveShadows: 1
  m_Materials:
  - {fileID: 2100000, guid: 6feaef1e58e5f18419665edf57e6c98b, type: 2}
  m_SubsetIndices: 
  m_StaticBatchRoot: {fileID: 0}
  m_UseLightProbes: 1
  m_ReflectionProbeUsage: 1
  m_ProbeAnchor: {fileID: 0}
  m_ScaleInLightmap: 1
  m_PreserveUVs: 0
  m_IgnoreNormalsForChartDetection: 0
  m_ImportantGI: 0
  m_MinimumChartSize: 4
  m_AutoUVMaxDistance: 0.5
  m_AutoUVMaxAngle: 89
  m_LightmapParameters: {fileID: 0}
  m_SortingLayerID: 0
  m_SortingOrder: 0
--- !u!23 &2358652
MeshRenderer:
  m_ObjectHideFlags: 1
  m_PrefabParentObject: {fileID: 0}
  m_PrefabInternal: {fileID: 100100000}
  m_GameObject: {fileID: 191896}
  m_Enabled: 1
  m_CastShadows: 1
  m_ReceiveShadows: 1
  m_Materials:
  - {fileID: 2100000, guid: af6239b47df0c7e4aaf3ac5741c97fea, type: 2}
  m_SubsetIndices: 
  m_StaticBatchRoot: {fileID: 0}
  m_UseLightProbes: 1
  m_ReflectionProbeUsage: 1
  m_ProbeAnchor: {fileID: 0}
  m_ScaleInLightmap: 1
  m_PreserveUVs: 0
  m_IgnoreNormalsForChartDetection: 0
  m_ImportantGI: 0
  m_MinimumChartSize: 4
  m_AutoUVMaxDistance: 0.5
  m_AutoUVMaxAngle: 89
  m_LightmapParameters: {fileID: 0}
  m_SortingLayerID: 0
  m_SortingOrder: 0
--- !u!23 &2373094
MeshRenderer:
  m_ObjectHideFlags: 1
  m_PrefabParentObject: {fileID: 0}
  m_PrefabInternal: {fileID: 100100000}
  m_GameObject: {fileID: 157612}
  m_Enabled: 1
  m_CastShadows: 1
  m_ReceiveShadows: 1
  m_Materials:
  - {fileID: 2100000, guid: 6feaef1e58e5f18419665edf57e6c98b, type: 2}
  m_SubsetIndices: 
  m_StaticBatchRoot: {fileID: 0}
  m_UseLightProbes: 1
  m_ReflectionProbeUsage: 1
  m_ProbeAnchor: {fileID: 0}
  m_ScaleInLightmap: 1
  m_PreserveUVs: 0
  m_IgnoreNormalsForChartDetection: 0
  m_ImportantGI: 0
  m_MinimumChartSize: 4
  m_AutoUVMaxDistance: 0.5
  m_AutoUVMaxAngle: 89
  m_LightmapParameters: {fileID: 0}
  m_SortingLayerID: 0
  m_SortingOrder: 0
--- !u!23 &2374812
MeshRenderer:
  m_ObjectHideFlags: 1
  m_PrefabParentObject: {fileID: 0}
  m_PrefabInternal: {fileID: 100100000}
  m_GameObject: {fileID: 104298}
  m_Enabled: 1
  m_CastShadows: 1
  m_ReceiveShadows: 1
  m_Materials:
  - {fileID: 10303, guid: 0000000000000000f000000000000000, type: 0}
  m_SubsetIndices: 
  m_StaticBatchRoot: {fileID: 0}
  m_UseLightProbes: 1
  m_ReflectionProbeUsage: 1
  m_ProbeAnchor: {fileID: 0}
  m_ScaleInLightmap: 1
  m_PreserveUVs: 0
  m_IgnoreNormalsForChartDetection: 0
  m_ImportantGI: 0
  m_MinimumChartSize: 4
  m_AutoUVMaxDistance: 0.5
  m_AutoUVMaxAngle: 89
  m_LightmapParameters: {fileID: 0}
  m_SortingLayerID: 0
  m_SortingOrder: 0
--- !u!23 &2375020
MeshRenderer:
  m_ObjectHideFlags: 1
  m_PrefabParentObject: {fileID: 0}
  m_PrefabInternal: {fileID: 100100000}
  m_GameObject: {fileID: 193432}
  m_Enabled: 1
  m_CastShadows: 1
  m_ReceiveShadows: 1
  m_Materials:
  - {fileID: 10303, guid: 0000000000000000f000000000000000, type: 0}
  m_SubsetIndices: 
  m_StaticBatchRoot: {fileID: 0}
  m_UseLightProbes: 1
  m_ReflectionProbeUsage: 1
  m_ProbeAnchor: {fileID: 0}
  m_ScaleInLightmap: 1
  m_PreserveUVs: 0
  m_IgnoreNormalsForChartDetection: 0
  m_ImportantGI: 0
  m_MinimumChartSize: 4
  m_AutoUVMaxDistance: 0.5
  m_AutoUVMaxAngle: 89
  m_LightmapParameters: {fileID: 0}
  m_SortingLayerID: 0
  m_SortingOrder: 0
--- !u!23 &2380886
MeshRenderer:
  m_ObjectHideFlags: 1
  m_PrefabParentObject: {fileID: 0}
  m_PrefabInternal: {fileID: 100100000}
  m_GameObject: {fileID: 166916}
  m_Enabled: 1
  m_CastShadows: 1
  m_ReceiveShadows: 1
  m_Materials:
  - {fileID: 2100000, guid: 6feaef1e58e5f18419665edf57e6c98b, type: 2}
  m_SubsetIndices: 
  m_StaticBatchRoot: {fileID: 0}
  m_UseLightProbes: 1
  m_ReflectionProbeUsage: 1
  m_ProbeAnchor: {fileID: 0}
  m_ScaleInLightmap: 1
  m_PreserveUVs: 0
  m_IgnoreNormalsForChartDetection: 0
  m_ImportantGI: 0
  m_MinimumChartSize: 4
  m_AutoUVMaxDistance: 0.5
  m_AutoUVMaxAngle: 89
  m_LightmapParameters: {fileID: 0}
  m_SortingLayerID: 0
  m_SortingOrder: 0
--- !u!23 &2388284
MeshRenderer:
  m_ObjectHideFlags: 1
  m_PrefabParentObject: {fileID: 0}
  m_PrefabInternal: {fileID: 100100000}
  m_GameObject: {fileID: 146798}
  m_Enabled: 1
  m_CastShadows: 1
  m_ReceiveShadows: 1
  m_Materials:
  - {fileID: 2100000, guid: 6feaef1e58e5f18419665edf57e6c98b, type: 2}
  m_SubsetIndices: 
  m_StaticBatchRoot: {fileID: 0}
  m_UseLightProbes: 1
  m_ReflectionProbeUsage: 1
  m_ProbeAnchor: {fileID: 0}
  m_ScaleInLightmap: 1
  m_PreserveUVs: 0
  m_IgnoreNormalsForChartDetection: 0
  m_ImportantGI: 0
  m_MinimumChartSize: 4
  m_AutoUVMaxDistance: 0.5
  m_AutoUVMaxAngle: 89
  m_LightmapParameters: {fileID: 0}
  m_SortingLayerID: 0
  m_SortingOrder: 0
--- !u!23 &2389520
MeshRenderer:
  m_ObjectHideFlags: 1
  m_PrefabParentObject: {fileID: 0}
  m_PrefabInternal: {fileID: 100100000}
  m_GameObject: {fileID: 167488}
  m_Enabled: 1
  m_CastShadows: 1
  m_ReceiveShadows: 1
  m_Materials:
  - {fileID: 10303, guid: 0000000000000000f000000000000000, type: 0}
  m_SubsetIndices: 
  m_StaticBatchRoot: {fileID: 0}
  m_UseLightProbes: 1
  m_ReflectionProbeUsage: 1
  m_ProbeAnchor: {fileID: 0}
  m_ScaleInLightmap: 1
  m_PreserveUVs: 0
  m_IgnoreNormalsForChartDetection: 0
  m_ImportantGI: 0
  m_MinimumChartSize: 4
  m_AutoUVMaxDistance: 0.5
  m_AutoUVMaxAngle: 89
  m_LightmapParameters: {fileID: 0}
  m_SortingLayerID: 0
  m_SortingOrder: 0
--- !u!23 &2391952
MeshRenderer:
  m_ObjectHideFlags: 1
  m_PrefabParentObject: {fileID: 0}
  m_PrefabInternal: {fileID: 100100000}
  m_GameObject: {fileID: 167090}
  m_Enabled: 1
  m_CastShadows: 1
  m_ReceiveShadows: 1
  m_Materials:
  - {fileID: 10303, guid: 0000000000000000f000000000000000, type: 0}
  m_SubsetIndices: 
  m_StaticBatchRoot: {fileID: 0}
  m_UseLightProbes: 1
  m_ReflectionProbeUsage: 1
  m_ProbeAnchor: {fileID: 0}
  m_ScaleInLightmap: 1
  m_PreserveUVs: 0
  m_IgnoreNormalsForChartDetection: 0
  m_ImportantGI: 0
  m_MinimumChartSize: 4
  m_AutoUVMaxDistance: 0.5
  m_AutoUVMaxAngle: 89
  m_LightmapParameters: {fileID: 0}
  m_SortingLayerID: 0
  m_SortingOrder: 0
--- !u!23 &2393818
MeshRenderer:
  m_ObjectHideFlags: 1
  m_PrefabParentObject: {fileID: 0}
  m_PrefabInternal: {fileID: 100100000}
  m_GameObject: {fileID: 141454}
  m_Enabled: 1
  m_CastShadows: 1
  m_ReceiveShadows: 1
  m_Materials:
  - {fileID: 10303, guid: 0000000000000000f000000000000000, type: 0}
  m_SubsetIndices: 
  m_StaticBatchRoot: {fileID: 0}
  m_UseLightProbes: 1
  m_ReflectionProbeUsage: 1
  m_ProbeAnchor: {fileID: 0}
  m_ScaleInLightmap: 1
  m_PreserveUVs: 0
  m_IgnoreNormalsForChartDetection: 0
  m_ImportantGI: 0
  m_MinimumChartSize: 4
  m_AutoUVMaxDistance: 0.5
  m_AutoUVMaxAngle: 89
  m_LightmapParameters: {fileID: 0}
  m_SortingLayerID: 0
  m_SortingOrder: 0
--- !u!23 &2399984
MeshRenderer:
  m_ObjectHideFlags: 1
  m_PrefabParentObject: {fileID: 0}
  m_PrefabInternal: {fileID: 100100000}
  m_GameObject: {fileID: 113432}
  m_Enabled: 1
  m_CastShadows: 1
  m_ReceiveShadows: 1
  m_Materials:
  - {fileID: 10303, guid: 0000000000000000f000000000000000, type: 0}
  m_SubsetIndices: 
  m_StaticBatchRoot: {fileID: 0}
  m_UseLightProbes: 1
  m_ReflectionProbeUsage: 1
  m_ProbeAnchor: {fileID: 0}
  m_ScaleInLightmap: 1
  m_PreserveUVs: 0
  m_IgnoreNormalsForChartDetection: 0
  m_ImportantGI: 0
  m_MinimumChartSize: 4
  m_AutoUVMaxDistance: 0.5
  m_AutoUVMaxAngle: 89
  m_LightmapParameters: {fileID: 0}
  m_SortingLayerID: 0
  m_SortingOrder: 0
--- !u!33 &3300172
MeshFilter:
  m_ObjectHideFlags: 1
  m_PrefabParentObject: {fileID: 0}
  m_PrefabInternal: {fileID: 100100000}
  m_GameObject: {fileID: 142546}
  m_Mesh: {fileID: 4300040, guid: 991963b7fe7e7e745a1a102d9c5267fe, type: 3}
--- !u!33 &3300702
MeshFilter:
  m_ObjectHideFlags: 1
  m_PrefabParentObject: {fileID: 0}
  m_PrefabInternal: {fileID: 100100000}
  m_GameObject: {fileID: 125848}
  m_Mesh: {fileID: 4300000, guid: 991963b7fe7e7e745a1a102d9c5267fe, type: 3}
--- !u!33 &3313330
MeshFilter:
  m_ObjectHideFlags: 1
  m_PrefabParentObject: {fileID: 0}
  m_PrefabInternal: {fileID: 100100000}
  m_GameObject: {fileID: 191896}
  m_Mesh: {fileID: 4300046, guid: 991963b7fe7e7e745a1a102d9c5267fe, type: 3}
--- !u!33 &3315064
MeshFilter:
  m_ObjectHideFlags: 1
  m_PrefabParentObject: {fileID: 0}
  m_PrefabInternal: {fileID: 100100000}
  m_GameObject: {fileID: 193432}
  m_Mesh: {fileID: 4300020, guid: 991963b7fe7e7e745a1a102d9c5267fe, type: 3}
--- !u!33 &3316990
MeshFilter:
  m_ObjectHideFlags: 1
  m_PrefabParentObject: {fileID: 0}
  m_PrefabInternal: {fileID: 100100000}
  m_GameObject: {fileID: 140996}
  m_Mesh: {fileID: 4300044, guid: 991963b7fe7e7e745a1a102d9c5267fe, type: 3}
--- !u!33 &3322306
MeshFilter:
  m_ObjectHideFlags: 1
  m_PrefabParentObject: {fileID: 0}
  m_PrefabInternal: {fileID: 100100000}
  m_GameObject: {fileID: 155652}
  m_Mesh: {fileID: 4300038, guid: 991963b7fe7e7e745a1a102d9c5267fe, type: 3}
--- !u!33 &3323750
MeshFilter:
  m_ObjectHideFlags: 1
  m_PrefabParentObject: {fileID: 0}
  m_PrefabInternal: {fileID: 100100000}
  m_GameObject: {fileID: 167090}
  m_Mesh: {fileID: 4300030, guid: 991963b7fe7e7e745a1a102d9c5267fe, type: 3}
--- !u!33 &3324234
MeshFilter:
  m_ObjectHideFlags: 1
  m_PrefabParentObject: {fileID: 0}
  m_PrefabInternal: {fileID: 100100000}
  m_GameObject: {fileID: 144780}
  m_Mesh: {fileID: 4300010, guid: 991963b7fe7e7e745a1a102d9c5267fe, type: 3}
--- !u!33 &3329496
MeshFilter:
  m_ObjectHideFlags: 1
  m_PrefabParentObject: {fileID: 0}
  m_PrefabInternal: {fileID: 100100000}
  m_GameObject: {fileID: 148602}
  m_Mesh: {fileID: 4300018, guid: 991963b7fe7e7e745a1a102d9c5267fe, type: 3}
--- !u!33 &3335252
MeshFilter:
  m_ObjectHideFlags: 1
  m_PrefabParentObject: {fileID: 0}
  m_PrefabInternal: {fileID: 100100000}
  m_GameObject: {fileID: 166392}
  m_Mesh: {fileID: 4300042, guid: 991963b7fe7e7e745a1a102d9c5267fe, type: 3}
--- !u!33 &3336998
MeshFilter:
  m_ObjectHideFlags: 1
  m_PrefabParentObject: {fileID: 0}
  m_PrefabInternal: {fileID: 100100000}
  m_GameObject: {fileID: 144468}
  m_Mesh: {fileID: 4300050, guid: 991963b7fe7e7e745a1a102d9c5267fe, type: 3}
--- !u!33 &3337982
MeshFilter:
  m_ObjectHideFlags: 1
  m_PrefabParentObject: {fileID: 0}
  m_PrefabInternal: {fileID: 100100000}
  m_GameObject: {fileID: 113432}
  m_Mesh: {fileID: 4300026, guid: 991963b7fe7e7e745a1a102d9c5267fe, type: 3}
--- !u!33 &3339254
MeshFilter:
  m_ObjectHideFlags: 1
  m_PrefabParentObject: {fileID: 0}
  m_PrefabInternal: {fileID: 100100000}
  m_GameObject: {fileID: 157612}
  m_Mesh: {fileID: 4300028, guid: 991963b7fe7e7e745a1a102d9c5267fe, type: 3}
--- !u!33 &3343304
MeshFilter:
  m_ObjectHideFlags: 1
  m_PrefabParentObject: {fileID: 0}
  m_PrefabInternal: {fileID: 100100000}
  m_GameObject: {fileID: 189732}
  m_Mesh: {fileID: 4300006, guid: 991963b7fe7e7e745a1a102d9c5267fe, type: 3}
--- !u!33 &3343408
MeshFilter:
  m_ObjectHideFlags: 1
  m_PrefabParentObject: {fileID: 0}
  m_PrefabInternal: {fileID: 100100000}
  m_GameObject: {fileID: 183594}
  m_Mesh: {fileID: 4300014, guid: 991963b7fe7e7e745a1a102d9c5267fe, type: 3}
--- !u!33 &3345014
MeshFilter:
  m_ObjectHideFlags: 1
  m_PrefabParentObject: {fileID: 0}
  m_PrefabInternal: {fileID: 100100000}
  m_GameObject: {fileID: 124686}
  m_Mesh: {fileID: 4300024, guid: 991963b7fe7e7e745a1a102d9c5267fe, type: 3}
--- !u!33 &3347372
MeshFilter:
  m_ObjectHideFlags: 1
  m_PrefabParentObject: {fileID: 0}
  m_PrefabInternal: {fileID: 100100000}
  m_GameObject: {fileID: 146798}
  m_Mesh: {fileID: 4300022, guid: 991963b7fe7e7e745a1a102d9c5267fe, type: 3}
--- !u!33 &3359988
MeshFilter:
  m_ObjectHideFlags: 1
  m_PrefabParentObject: {fileID: 0}
  m_PrefabInternal: {fileID: 100100000}
  m_GameObject: {fileID: 166916}
  m_Mesh: {fileID: 4300004, guid: 991963b7fe7e7e745a1a102d9c5267fe, type: 3}
--- !u!33 &3362816
MeshFilter:
  m_ObjectHideFlags: 1
  m_PrefabParentObject: {fileID: 0}
  m_PrefabInternal: {fileID: 100100000}
  m_GameObject: {fileID: 122508}
  m_Mesh: {fileID: 4300016, guid: 991963b7fe7e7e745a1a102d9c5267fe, type: 3}
--- !u!33 &3363328
MeshFilter:
  m_ObjectHideFlags: 1
  m_PrefabParentObject: {fileID: 0}
  m_PrefabInternal: {fileID: 100100000}
  m_GameObject: {fileID: 105030}
  m_Mesh: {fileID: 4300048, guid: 991963b7fe7e7e745a1a102d9c5267fe, type: 3}
--- !u!33 &3366224
MeshFilter:
  m_ObjectHideFlags: 1
  m_PrefabParentObject: {fileID: 0}
  m_PrefabInternal: {fileID: 100100000}
  m_GameObject: {fileID: 167488}
  m_Mesh: {fileID: 4300036, guid: 991963b7fe7e7e745a1a102d9c5267fe, type: 3}
--- !u!33 &3382490
MeshFilter:
  m_ObjectHideFlags: 1
  m_PrefabParentObject: {fileID: 0}
  m_PrefabInternal: {fileID: 100100000}
  m_GameObject: {fileID: 141454}
  m_Mesh: {fileID: 4300012, guid: 991963b7fe7e7e745a1a102d9c5267fe, type: 3}
--- !u!33 &3388476
MeshFilter:
  m_ObjectHideFlags: 1
  m_PrefabParentObject: {fileID: 0}
  m_PrefabInternal: {fileID: 100100000}
  m_GameObject: {fileID: 183614}
  m_Mesh: {fileID: 4300032, guid: 991963b7fe7e7e745a1a102d9c5267fe, type: 3}
--- !u!33 &3388902
MeshFilter:
  m_ObjectHideFlags: 1
  m_PrefabParentObject: {fileID: 0}
  m_PrefabInternal: {fileID: 100100000}
  m_GameObject: {fileID: 104298}
  m_Mesh: {fileID: 4300002, guid: 991963b7fe7e7e745a1a102d9c5267fe, type: 3}
--- !u!33 &3390098
MeshFilter:
  m_ObjectHideFlags: 1
  m_PrefabParentObject: {fileID: 0}
  m_PrefabInternal: {fileID: 100100000}
  m_GameObject: {fileID: 129296}
  m_Mesh: {fileID: 4300008, guid: 991963b7fe7e7e745a1a102d9c5267fe, type: 3}
--- !u!54 &5420584
Rigidbody:
  m_ObjectHideFlags: 1
  m_PrefabParentObject: {fileID: 0}
  m_PrefabInternal: {fileID: 100100000}
  m_GameObject: {fileID: 146798}
  serializedVersion: 2
  m_Mass: 1
  m_Drag: 0
  m_AngularDrag: 0.05
  m_UseGravity: 1
  m_IsKinematic: 0
  m_Interpolate: 0
  m_Constraints: 0
  m_CollisionDetection: 0
--- !u!54 &5424524
Rigidbody:
  m_ObjectHideFlags: 1
  m_PrefabParentObject: {fileID: 0}
  m_PrefabInternal: {fileID: 100100000}
  m_GameObject: {fileID: 183614}
  serializedVersion: 2
  m_Mass: 1
  m_Drag: 0
  m_AngularDrag: 0.05
  m_UseGravity: 1
  m_IsKinematic: 0
  m_Interpolate: 0
  m_Constraints: 0
  m_CollisionDetection: 0
--- !u!54 &5437512
Rigidbody:
  m_ObjectHideFlags: 1
  m_PrefabParentObject: {fileID: 0}
  m_PrefabInternal: {fileID: 100100000}
  m_GameObject: {fileID: 144780}
  serializedVersion: 2
  m_Mass: 1
  m_Drag: 0
  m_AngularDrag: 0.05
  m_UseGravity: 1
  m_IsKinematic: 0
  m_Interpolate: 0
  m_Constraints: 0
  m_CollisionDetection: 0
--- !u!54 &5448160
Rigidbody:
  m_ObjectHideFlags: 1
  m_PrefabParentObject: {fileID: 0}
  m_PrefabInternal: {fileID: 100100000}
  m_GameObject: {fileID: 124686}
  serializedVersion: 2
  m_Mass: 1
  m_Drag: 0
  m_AngularDrag: 0.05
  m_UseGravity: 1
  m_IsKinematic: 0
  m_Interpolate: 0
  m_Constraints: 0
  m_CollisionDetection: 0
--- !u!54 &5463366
Rigidbody:
  m_ObjectHideFlags: 1
  m_PrefabParentObject: {fileID: 0}
  m_PrefabInternal: {fileID: 100100000}
  m_GameObject: {fileID: 148602}
  serializedVersion: 2
  m_Mass: 1
  m_Drag: 0
  m_AngularDrag: 0.05
  m_UseGravity: 1
  m_IsKinematic: 0
  m_Interpolate: 0
  m_Constraints: 0
  m_CollisionDetection: 0
--- !u!54 &5465644
Rigidbody:
  m_ObjectHideFlags: 1
  m_PrefabParentObject: {fileID: 0}
  m_PrefabInternal: {fileID: 100100000}
  m_GameObject: {fileID: 157612}
  serializedVersion: 2
  m_Mass: 1
  m_Drag: 0
  m_AngularDrag: 0.05
  m_UseGravity: 1
  m_IsKinematic: 0
  m_Interpolate: 0
  m_Constraints: 0
  m_CollisionDetection: 0
--- !u!54 &5467818
Rigidbody:
  m_ObjectHideFlags: 1
  m_PrefabParentObject: {fileID: 0}
  m_PrefabInternal: {fileID: 100100000}
  m_GameObject: {fileID: 189732}
  serializedVersion: 2
  m_Mass: 1
  m_Drag: 0
  m_AngularDrag: 0.05
  m_UseGravity: 1
  m_IsKinematic: 0
  m_Interpolate: 0
  m_Constraints: 0
  m_CollisionDetection: 0
--- !u!54 &5468354
Rigidbody:
  m_ObjectHideFlags: 1
  m_PrefabParentObject: {fileID: 0}
  m_PrefabInternal: {fileID: 100100000}
  m_GameObject: {fileID: 125848}
  serializedVersion: 2
  m_Mass: 1
  m_Drag: 0
  m_AngularDrag: 0.05
  m_UseGravity: 1
  m_IsKinematic: 0
  m_Interpolate: 0
  m_Constraints: 0
  m_CollisionDetection: 0
--- !u!54 &5479278
Rigidbody:
  m_ObjectHideFlags: 1
  m_PrefabParentObject: {fileID: 0}
  m_PrefabInternal: {fileID: 100100000}
  m_GameObject: {fileID: 166916}
  serializedVersion: 2
  m_Mass: 1
  m_Drag: 0
  m_AngularDrag: 0.05
  m_UseGravity: 1
  m_IsKinematic: 0
  m_Interpolate: 0
  m_Constraints: 0
  m_CollisionDetection: 0
--- !u!54 &5499622
Rigidbody:
  m_ObjectHideFlags: 1
  m_PrefabParentObject: {fileID: 0}
  m_PrefabInternal: {fileID: 100100000}
  m_GameObject: {fileID: 183594}
  serializedVersion: 2
  m_Mass: 1
  m_Drag: 0
  m_AngularDrag: 0.05
  m_UseGravity: 1
  m_IsKinematic: 0
  m_Interpolate: 0
  m_Constraints: 0
  m_CollisionDetection: 0
--- !u!64 &6400476
MeshCollider:
  m_ObjectHideFlags: 1
  m_PrefabParentObject: {fileID: 0}
  m_PrefabInternal: {fileID: 100100000}
  m_GameObject: {fileID: 125848}
  m_Material: {fileID: 0}
  m_IsTrigger: 0
  m_Enabled: 1
  serializedVersion: 2
  m_Convex: 1
  m_Mesh: {fileID: 4300002, guid: 991963b7fe7e7e745a1a102d9c5267fe, type: 3}
--- !u!64 &6419402
MeshCollider:
  m_ObjectHideFlags: 1
  m_PrefabParentObject: {fileID: 0}
  m_PrefabInternal: {fileID: 100100000}
  m_GameObject: {fileID: 166916}
  m_Material: {fileID: 0}
  m_IsTrigger: 0
  m_Enabled: 1
  serializedVersion: 2
  m_Convex: 1
  m_Mesh: {fileID: 4300004, guid: 991963b7fe7e7e745a1a102d9c5267fe, type: 3}
--- !u!64 &6438256
MeshCollider:
  m_ObjectHideFlags: 1
  m_PrefabParentObject: {fileID: 0}
  m_PrefabInternal: {fileID: 100100000}
  m_GameObject: {fileID: 189732}
  m_Material: {fileID: 0}
  m_IsTrigger: 0
  m_Enabled: 1
  serializedVersion: 2
  m_Convex: 1
  m_Mesh: {fileID: 4300008, guid: 991963b7fe7e7e745a1a102d9c5267fe, type: 3}
--- !u!64 &6456148
MeshCollider:
  m_ObjectHideFlags: 1
  m_PrefabParentObject: {fileID: 0}
  m_PrefabInternal: {fileID: 100100000}
  m_GameObject: {fileID: 183614}
  m_Material: {fileID: 0}
  m_IsTrigger: 0
  m_Enabled: 1
  serializedVersion: 2
  m_Convex: 1
  m_Mesh: {fileID: 4300050, guid: 991963b7fe7e7e745a1a102d9c5267fe, type: 3}
--- !u!64 &6469756
MeshCollider:
  m_ObjectHideFlags: 1
  m_PrefabParentObject: {fileID: 0}
  m_PrefabInternal: {fileID: 100100000}
  m_GameObject: {fileID: 124686}
  m_Material: {fileID: 0}
  m_IsTrigger: 0
  m_Enabled: 1
  serializedVersion: 2
  m_Convex: 1
  m_Mesh: {fileID: 4300026, guid: 991963b7fe7e7e745a1a102d9c5267fe, type: 3}
--- !u!64 &6474762
MeshCollider:
  m_ObjectHideFlags: 1
  m_PrefabParentObject: {fileID: 0}
  m_PrefabInternal: {fileID: 100100000}
  m_GameObject: {fileID: 144780}
  m_Material: {fileID: 0}
  m_IsTrigger: 0
  m_Enabled: 1
  serializedVersion: 2
  m_Convex: 1
  m_Mesh: {fileID: 4300012, guid: 991963b7fe7e7e745a1a102d9c5267fe, type: 3}
--- !u!64 &6478320
MeshCollider:
  m_ObjectHideFlags: 1
  m_PrefabParentObject: {fileID: 0}
  m_PrefabInternal: {fileID: 100100000}
  m_GameObject: {fileID: 183594}
  m_Material: {fileID: 0}
  m_IsTrigger: 0
  m_Enabled: 1
  serializedVersion: 2
  m_Convex: 1
  m_Mesh: {fileID: 4300016, guid: 991963b7fe7e7e745a1a102d9c5267fe, type: 3}
--- !u!64 &6480102
MeshCollider:
  m_ObjectHideFlags: 1
  m_PrefabParentObject: {fileID: 0}
  m_PrefabInternal: {fileID: 100100000}
  m_GameObject: {fileID: 148602}
  m_Material: {fileID: 0}
  m_IsTrigger: 0
  m_Enabled: 1
  serializedVersion: 2
  m_Convex: 1
  m_Mesh: {fileID: 4300020, guid: 991963b7fe7e7e745a1a102d9c5267fe, type: 3}
--- !u!64 &6497962
MeshCollider:
  m_ObjectHideFlags: 1
  m_PrefabParentObject: {fileID: 0}
  m_PrefabInternal: {fileID: 100100000}
  m_GameObject: {fileID: 157612}
  m_Material: {fileID: 0}
  m_IsTrigger: 0
  m_Enabled: 1
  serializedVersion: 2
  m_Convex: 1
  m_Mesh: {fileID: 4300030, guid: 991963b7fe7e7e745a1a102d9c5267fe, type: 3}
--- !u!64 &6499754
MeshCollider:
  m_ObjectHideFlags: 1
  m_PrefabParentObject: {fileID: 0}
  m_PrefabInternal: {fileID: 100100000}
  m_GameObject: {fileID: 146798}
  m_Material: {fileID: 0}
  m_IsTrigger: 0
  m_Enabled: 1
  serializedVersion: 2
  m_Convex: 1
  m_Mesh: {fileID: 4300022, guid: 991963b7fe7e7e745a1a102d9c5267fe, type: 3}
--- !u!65 &6580474
BoxCollider:
  m_ObjectHideFlags: 1
  m_PrefabParentObject: {fileID: 0}
  m_PrefabInternal: {fileID: 100100000}
  m_GameObject: {fileID: 116144}
  m_Material: {fileID: 0}
  m_IsTrigger: 0
  m_Enabled: 1
  serializedVersion: 2
  m_Size: {x: 1, y: 1, z: 1}
  m_Center: {x: 0, y: 0, z: 0}
--- !u!65 &6591904
BoxCollider:
  m_ObjectHideFlags: 1
  m_PrefabParentObject: {fileID: 0}
  m_PrefabInternal: {fileID: 100100000}
  m_GameObject: {fileID: 122930}
  m_Material: {fileID: 0}
  m_IsTrigger: 0
  m_Enabled: 1
  serializedVersion: 2
  m_Size: {x: 1, y: 1, z: 1}
  m_Center: {x: 0, y: 0, z: 0}
--- !u!108 &10841938
Light:
  m_ObjectHideFlags: 1
  m_PrefabParentObject: {fileID: 0}
  m_PrefabInternal: {fileID: 100100000}
  m_GameObject: {fileID: 128098}
  m_Enabled: 1
  serializedVersion: 6
  m_Type: 2
  m_Color: {r: 1, g: 1, b: 1, a: 1}
  m_Intensity: 2
  m_Range: 30
  m_SpotAngle: 30
  m_CookieSize: 10
  m_Shadows:
    m_Type: 0
    m_Resolution: -1
    m_Strength: 1
    m_Bias: 0.05
    m_NormalBias: 0.4
    m_NearPlane: 0.2
  m_Cookie: {fileID: 0}
  m_DrawHalo: 0
  m_Flare: {fileID: 0}
  m_RenderMode: 0
  m_CullingMask:
    serializedVersion: 2
    m_Bits: 4294967039
  m_Lightmapping: 4
  m_BounceIntensity: 1
  m_ShadowRadius: 0
  m_ShadowAngle: 0
  m_AreaSize: {x: 1, y: 1}
--- !u!108 &10865360
Light:
  m_ObjectHideFlags: 1
  m_PrefabParentObject: {fileID: 0}
  m_PrefabInternal: {fileID: 100100000}
  m_GameObject: {fileID: 149996}
  m_Enabled: 1
  serializedVersion: 6
  m_Type: 2
  m_Color: {r: 1, g: 1, b: 1, a: 1}
  m_Intensity: 3.72
  m_Range: 5
  m_SpotAngle: 30
  m_CookieSize: 10
  m_Shadows:
    m_Type: 0
    m_Resolution: -1
    m_Strength: 1
    m_Bias: 0.05
    m_NormalBias: 0.4
    m_NearPlane: 0.2
  m_Cookie: {fileID: 0}
  m_DrawHalo: 0
  m_Flare: {fileID: 0}
  m_RenderMode: 0
  m_CullingMask:
    serializedVersion: 2
    m_Bits: 4294967039
  m_Lightmapping: 4
  m_BounceIntensity: 1
  m_ShadowRadius: 0
  m_ShadowAngle: 0
  m_AreaSize: {x: 1, y: 1}
--- !u!114 &11403854
MonoBehaviour:
  m_ObjectHideFlags: 1
  m_PrefabParentObject: {fileID: 0}
  m_PrefabInternal: {fileID: 100100000}
  m_GameObject: {fileID: 106292}
  m_Enabled: 1
  m_EditorHideFlags: 0
  m_Script: {fileID: 11500000, guid: 71f3c1fb4f1e13c43b7db4207a58c59d, type: 3}
  m_Name: 
  m_EditorClassIdentifier: 
  _randomRotate: 1
  _autoCatchDelay: {x: 10, y: 20}
  _autoDismountDelay: {x: 10, y: 20}
  _maxBirdDistance: 20
  _minBirdDistance: 5
  _takeClosest: 0
  _flock: {fileID: 0}
  _landOnStart: 0
  _soarLand: 1
  _onlyBirdsAbove: 0
  _landingSpeedModifier: 0.5
  _landingTurnSpeedModifier: 5
  _featherPS: {fileID: 0}
  _thisT: {fileID: 0}
--- !u!114 &11404096
MonoBehaviour:
  m_ObjectHideFlags: 1
  m_PrefabParentObject: {fileID: 0}
  m_PrefabInternal: {fileID: 100100000}
  m_GameObject: {fileID: 127018}
  m_Enabled: 1
  m_EditorHideFlags: 0
  m_Script: {fileID: 11500000, guid: a111c283075a545459dd71ed98b3fa53, type: 3}
  m_Name: 
  m_EditorClassIdentifier: 
  landingChild: {fileID: 0}
  landing: 0
  _controller: {fileID: 11403854}
  _thisT: {fileID: 408322}
--- !u!114 &11433132
MonoBehaviour:
  m_ObjectHideFlags: 1
  m_PrefabParentObject: {fileID: 0}
  m_PrefabInternal: {fileID: 100100000}
  m_GameObject: {fileID: 140996}
  m_Enabled: 1
  m_EditorHideFlags: 0
  m_Script: {fileID: 11500000, guid: 350cf68c3c1bc1a4c80e890cf2d8c1a0, type: 3}
  m_Name: 
  m_EditorClassIdentifier: 
--- !u!114 &11450344
MonoBehaviour:
  m_ObjectHideFlags: 1
  m_PrefabParentObject: {fileID: 0}
  m_PrefabInternal: {fileID: 100100000}
  m_GameObject: {fileID: 137104}
  m_Enabled: 1
  m_EditorHideFlags: 0
  m_Script: {fileID: 11500000, guid: a111c283075a545459dd71ed98b3fa53, type: 3}
  m_Name: 
  m_EditorClassIdentifier: 
  landingChild: {fileID: 0}
  landing: 0
  _controller: {fileID: 11403854}
  _thisT: {fileID: 468716}
--- !u!114 &11471216
MonoBehaviour:
  m_ObjectHideFlags: 1
  m_PrefabParentObject: {fileID: 0}
  m_PrefabInternal: {fileID: 100100000}
  m_GameObject: {fileID: 135706}
  m_Enabled: 1
  m_EditorHideFlags: 0
  m_Script: {fileID: 11500000, guid: a111c283075a545459dd71ed98b3fa53, type: 3}
  m_Name: 
  m_EditorClassIdentifier: 
  landingChild: {fileID: 0}
  landing: 0
  _controller: {fileID: 11403854}
  _thisT: {fileID: 455774}
--- !u!114 &11493370
MonoBehaviour:
  m_ObjectHideFlags: 1
  m_PrefabParentObject: {fileID: 0}
  m_PrefabInternal: {fileID: 100100000}
  m_GameObject: {fileID: 105030}
  m_Enabled: 0
  m_EditorHideFlags: 0
  m_Script: {fileID: 11500000, guid: dc44d775f31a4714785006ba3031ff07, type: 3}
  m_Name: 
  m_EditorClassIdentifier: 
  segundosPorVuelta: 3
--- !u!135 &13539528
SphereCollider:
  m_ObjectHideFlags: 1
  m_PrefabParentObject: {fileID: 0}
  m_PrefabInternal: {fileID: 100100000}
  m_GameObject: {fileID: 140996}
  m_Material: {fileID: 0}
  m_IsTrigger: 0
  m_Enabled: 1
  serializedVersion: 2
  m_Radius: 0.03
  m_Center: {x: 0, y: -0.000000029802322, z: 0}
--- !u!1001 &100100000
Prefab:
  m_ObjectHideFlags: 1
  serializedVersion: 2
  m_Modification:
    m_TransformParent: {fileID: 0}
    m_Modifications:
    - target: {fileID: 0}
      propertyPath: m_IsActive
      value: 1
      objectReference: {fileID: 0}
    m_RemovedComponents: []
  m_ParentPrefab: {fileID: 0}
  m_RootGameObject: {fileID: 177354}
  m_IsPrefabParent: 1
